
@article{bastardo2017estado,
  title={Estado del conocimiento de los macroinvertebrados acu{\'a}ticos de la isla La Espa{\~n}ola},
  author={Bastardo, Ruth H and S{\'a}nchez-Rosario, Am{\'e}rica},
  journal={Actualidades Biol{\'o}gicas},
  volume={39},
  number={107},
  pages={75--81 pp},
  year={2017}
  }

@article{almonte2012caracterizacion,
  title={{Caracterización del comportamiento de forrajeo de la cigüita del río \textit{Parkesia motacilla} (Parulidae: Passeriformes) en ecosistemas ribereños de la provincia Duarte, República Dominicana}},
  author={Almonte Espinosa, H. E.},
  journal={Tesis para optar por el título de Licenciatura en Biología. Universidad Autónoma de Santo Domingo},
  pages={107 pp},
  year={2012}
}
@article{castillo1997estudios,
  title={Estudios sobre fauna y flora de la Reserva Cient{\'\i}fica {\'E}bano Verde},
  author={Castillo Torre, RE and May, T and Dom{\'\i}nguez, HL},
  journal={Santo Domingo, Rep{\'u}blica Dominicana. Serie Publicaciones PROGRESSIO},
  volume={14},
  pages={11--24 pp},
  year={1997}
}
@article{caceres2009associations,
  title={Associations between species and groups of sites: indices and statistical inference},
  author={De C{\'a}ceres, Miquel  and Legendre, Pierre},
  journal={Ecology},
  volume={90},
  number={12},
  pages={3566--3574 pp},
  year={2009},
  publisher={Wiley Online Library}
}

@article{fern2015reservas,
  title={{ Reservas de Biosfera Fronterizas en la Rep{\'u}blica de Haití y la Rep{\'u}blica Dominicana (CAReBios)}},
  author={Fern, L. B. and Moreno, A. H.},
  pages={517 pp},
  year={2015}
}

@article{flint2006distribution,
  title={{Distribution of the Odonata of the Dominican Republic}},
  author={Flint, O. S. and Bastardo, R. H. and Perez-Gelabert, D. E.},
  journal={Bulletin of American Odonatology},
  volume={9},
   pages={67--84 pp},
  year={2006}
}

@article{garcia1994composicion,
  title={{Composici{\'o}n Floristica y Principales Asociaciones Vegetales en la Reserva Cient{\'\i}fica Ebano Verde, Cordillera Central, Rep{\'u}blica Dominicana}},
  author={Garc{\'\i}a, R and Mej{\'\i}a, M and Zanoni, TH},
  journal={Moscosoa},
  volume={8},
  pages={86--130 pp},
  year={1994}
}

@article{graham2003geohistory,
  title={{Geohistory models and Cenozoic paleoenvironments of the Caribbean region}},
  author={Graham, Alan},
  journal={Systematic Botany},
  volume={28},
  pages={378--386 pp},
  year={2003},
  publisher={BioOne}
}

%grass gis
@book{neteler2013open,
  title={Open source GIS: a GRASS GIS approach},
  author={Neteler, Markus and Mitasova, Helena},
  volume={689},
  year={2013},
  publisher={Springer Science \& Business Media}
  }
  
  @article{hansen2013high,
  title={{High-resolution global maps of 21st-century forest cover change}},
  author={Hansen, Matthew C and Potapov, Peter V and Moore, Rebecca and Hancher, Matt and Turubanova, SAA and Tyukavina, Alexandra and Thau, David and Stehman, SV and Goetz, SJ and Loveland, TR},
  journal={science},
  volume={342},
  number={6160},
  pages={850--853 pp},
  year={2013},
  publisher={{American Association for the Advancement of Science}}
}

%odk
@inproceedings{hartung2010open,
  title={Open data kit: tools to build information services for developing regions},
  author={Hartung, Carl and Lerer, Adam and Anokwa, Yaw and Tseng, Clint and Brunette, Waylon and Borriello, Gaetano},
  booktitle={{Proceedings of the 4th ACM/IEEE international conference on information and communication technologies and development}},
  pages={18 pp},
  year={2010},
  organization={ACM}
}

@article{kennedy20064000,
  title={{A 4000-year record of fire and forest history from Valle de Bao, Cordillera Central, Dominican Republic}},
  author={Kennedy, Lisa M and Horn, Sally P and Orvis, Kenneth H},
  journal={Palaeogeography, Palaeoclimatology, Palaeoecology},
  volume={231},
  number={3-4},
  pages={279--290 pp},
  year={2006},
  publisher={Elsevier}
}

@article{krebs1989ecological,
  title={Ecological methodology},
  author={Krebs, Charles J.},
  year={1989},
  institution={Harper and Row New York},
  pages={745 pp}
}

%ley areas protegidas

@article{ley2013202,
  title={{{\'A}reas Protegidas de Rep{\'u}blica Dominicana, del a{\~n}o 2004}},
  author={{Ley Sectorial de áreas protegidas No. 202-04}},
  journal={Accesible en: http://www. ambiente. gob. do/cms/archivos/legislacion/ley202-04. pdf},
    year={2013}
}

@article{mandal2008biocontrol,
  title={{Biocontrol efficiency of odonate nymphs against larvae of the mosquito, \textit{Culex quinquefasciatus} Say, 1823}},
  author={Mandal, S. K. and Ghosh, A. and Bhattacharjee, I. and Chandra, G.},
  journal={Acta Tropica},
  volume={106},
  number={2},
  pages={109--114 pp},
  year={2008},
  publisher={Elsevier}
}

@article{jimenez2011diversidad,
  title={{Diversidad de musgos (Bryophyta) de la Reserva Cient{\'\i}fica {\'E}bano Verde, La Vega, Rep{\'u}blica Dominicana}},
  author={Mateo Jim{\'e}nez, Amelia Lissette },
  year={2011},
  journal={{Tesis de Licenciatura en Biología. Universidad Aut{\'o}noma de Santo Domingo}},
  pages={84 pp}
}

@article{may2000respuesta,
  title={{Respuesta de la vegetacion en un calimetal de \textit{Dicranopteris pectinata} despues de un fuego, en la parte oriental de la Cordillera Central, República Dominicana}},
  author={May, T. H.},
  journal={Moscosoa},
  volume={11},
  pages={113--132 pp},
  year={2000}
}

@article{may2007composicion,
  title={{Composición, estructura y diversidad en los bosques nublados latifoliados de la Reserva Científica Ébano Verde (Cordillera Central, República Dominicana)}},
  author={May, T.H.},
  journal={Moscosoa},
  volume={15},
  pages={156--176 pp},
  year={2007}
}

@article{myers2004evaluacion,
  title={{Evaluaci{\'o}n del manejo del fuego en los Ecosistemas de tierras altas de la Rep{\'u}blica Dominicana}},
  author={Myers, R. and O’Brien, J. and Mehlman, D. and Bergh, C.},
  journal={Global Fire Initiative Informe T{\'e}cnico},
  volume={2},
  pages={25 pp},
  year={2004}
}

@article{myers2000biodiversity,
  title={Biodiversity hotspots for conservation priorities},
  author={Myers, Norman and Mittermeier, Russell A and Mittermeier, Cristina G and Da Fonseca, Gustavo AB and Kent, Jennifer},
  journal={Nature},
  volume={403},
  number={6772},
  pages={853 pp},
  year={2000},
  publisher={Nature Publishing Group}
}

%nasa

@misc{nasa2014srtm1sdem,
  author={{NASA LP DAAC}},
  title={SRTM 1 Arc-Second Global},
  year={2000},
  address={NASA EOSDIS Land Processes DAAC, USGS Earth Resources Observation and Science (EROS) Center, Sioux Falls, South Dakota},
  howpublished={\url{https://earthexplorer.usgs.gov/}},
  note={published September 2014, accessed May 2017}
}


@article{navarro2006restauracion,
  title={{Restauraci{\'o}n de las especies nativas en helechales de la Reserva Cient{\'\i}fica {\'E}bano Verde}},
  author={Navarro, L. and Slocum, T. and Zimmermam, M. J.},
  journal={Fundaci{\'o}n Progressio},
  year={2006}
}

@article{needham2000dragonflies,
  title={Dragonflies of North America.},
  author={Needham, James George and Westfall J. r., M. J. and May, Michael L.},
    year={2000},
  publisher={Scientific Publishers, Inc.},
  pages={940 pp}
}

@article{perez2010geologia,
  title={{Geolog{\'\i}a de la Rep{\'u}blica Dominicana: de la construcci{\'o}n de arco-isla a la colisi{\'o}n arco-continente}},
  author={P{\'e}rez-Esta{\'u}n, A. and Hernaiz Huerta, P. P. and Lopera, E. and Joubert, M. and Escuder Viruete, J. and D{\'\i}az de Neira, A. and Monthel, J. and Garc{\'\i}a-Senz, J. and Ubrien, P. and Contreras, F.},
  journal={Bolet{\'\i}n Geol{\'o}gico y Minero},
  volume={118},
   pages={157--174 pp},
  year={2010}
}

@book{perez2008arthropods,
  title={Arthropods of Hispaniola (Dominican Republic and Haiti): A checklist and bibliography},
  author={Perez-Gelabert, Daniel E},
  year={2008},
  publisher={Magnolia Press, 530 pp}
}

@article{perez2015entomofauna,
  title={{Entomofauna de la Reserva Científica Ébano Verde, Cordillera Central, República Dominicana}},
  author={Perez-Gelabert, Daniel E},
  journal={Novitates Caribaea},
  volume={8},
  pages={61--81 pp},
  year={2015}
}

@article{pindell2009tectonic,
  title={{Tectonic evolution of the Gulf of Mexico, Caribbean and northern South America in the mantle reference frame: an update}},
  author={Pindell, James L. and Kennan, Lorcan},
  journal={Geological Society, London, Special Publications},
  volume={328},
  number={1},
  pages={1--55 pp},
  year={2009},
  publisher={Geological Society of London}
}

%qgis

@misc{qgis2018qgis,
  author = {{QGIS Development Team}},
  title = {{QGIS. A Free and Open Source Geographic Information System}},
  year = "2018",
  url = "https://qgis.org/",
  note = "[Online; accessed May-2018]"
}

@article{quirico2004basidiomycetes,
  title={{Basidiomycetes de la Reserva Científica Ébano Verde (Cordillera Central), República Dominicana}},
  author={Quírico Batista, M. E.},
  year={2004},
  journal={Tesis de Licenciatura en Biología. Universidad Aut{\'o}noma de Santo Domingo},
  pages={114 pp}
}

% R
@article{team2015r,
  title={R: A language and environment for statistical computing},
  author={{R Core Team}},
  year={2015},
  publisher={Vienna, Austria}
}

@article{ramirez2010capitulo,
  title={Cap{\'\i}tulo 5: Odonata},
  author={Ram{\'\i}rez, Alonso},
  journal={Revista de Biolog{\'\i}a Tropical},
  volume={58},
  pages={97--136 pp},
  year={2010},
  publisher={http://creativecommons. org/licenses/by/3.0}
}

@article{real1999tables,
  title={Tables of significant values of Jaccard's index of similarity},
  author={Real, Raimundo},
  journal={Miscel{\textperiodcentered} lania Zoologica},
  volume={22},
  number={1},
  pages={29--40 pp},
  year={1999}
}

@article{rojas2000investigar,
  title={Investigar mediante encuestas Fundamentos te{\'o}ricos y aspectos pr{\'a}cticos},
  author={Rojas Tejada, J. A. and Fern{\'a}ndez Prados, J. S. and P{\'e}rez Mel{\'e}ndez, C.},
  journal={Psicothema},
  volume={12},
  number={2},
  pages={222 pp},
  year={2000}
}

@inproceedings{sanchez2014analisis,
  author= {Sánchez Rosario, A. and Bastardo, R. H.},
  title= {{Análisis de la fauna de odonatos (Insecta) de la Cordillera Central de la República Dominicana presentes en la colección del Instituto de Investigaciones Botánicas y Zoológicas (IIBZ)}},
  year= {2014},
  booktitle = {{VIII Congreso de la Biodiversidad Caribeña, Libro de resúmenes}},
  pages = {128--129},
}

@inproceedings{sanchez2015libelulidos,
  author= {Sánchez Rosario, A.},
  title= {{Libelúlidos (Odonata: Anisoptera, Libellulidae) de la Colección Entomológica del Instituto de Investigaciones Botánicas y Zoológicas (IIBZ)}},
  year= {2015},
  booktitle = {{XIV Jornada de Investigación Científica. Libro de Resúmenes}},
  pages = {30},
}

@book{servicio2000mapageol,
  title={Mapa Geológico de la República Dominicana, Hojas San José de Ocoa (6071-I), La Ciénaga-Sabana Larga (6171-IV), Azua (6071-II) y La Montería (6171-III)},
  author={{Servicio Geológico Nacional}},
  year={2000},
  publisher={Programa de Cartografía Geotemática de la República Dominicana, Proyecto 1B, Programa SYSMIN, Unión Europea}
}

@article{slocum2000vegetacion,
  title={{La vegetaci{\'o}n lenosa en helechales y bosques de ribera en la Reserva Cient{\i}fica {\'E}bano Verde, Rep {\'u}blica Dominicana}},
  author={Slocum, Matthew and Aide, T. Mitchell and Zimmerman, Jess K. and Navarro, Luis},
  journal={Moscosoa},
  volume={11},
  pages={38--56 pp},
  year={2000}
}

@article{strahler1952hypsometric,
  title={Hypsometric (area-altitude) analysis of erosional topography},
  author={Strahler, Arthur N},
  journal={Geological Society of America Bulletin},
  volume={63},
  number={11},
  pages={1117--1142 pp},
  year={1952},
  publisher={Geological Society of America}
}

@article{torralba2009estado,
  title={Estado ecol{\'o}gico, comunidades de macroinvertebrados y de odonatos de la red fluvial de Arag{\'o}n. 1\^{ra} edición},
  author={Torralba Burrial, Antonio},
  pages={224 pp},
  year={2009}
}

@article{torres2015hypolestes,
  title={Hypolestes hatuey sp. nov.: a new species of the enigmatic genus Hypolestes (Odonata, Hypolestidae) from Hispaniola},
  author={Torres-Cambas, YUSDIEL and Lorenzo-Carballa, M Olalla and Ferreira, Sonia and Cordero-Rivera, ADOLFO},
  journal={Zootaxa},
  volume={4000},
  number={2},
  pages={207--226 pp},
  year={2015}
}

@misc{triola2009estadistica,
  title={Estad{\'\i}stica (10ma edici{\'o}n), 904 pp},
  author={Triola, M. F.},
  year={2009},
  publisher={M{\'e}xico: Pearson Educaci{\'o}n.(QA276. 12. T7618 2009,},
  pages={904 pp}
}

@book{westfall1996damselflies,
  title={Damselflies of North America},
  author={Westfall, Minter Jackson and May, Michael L},
  volume={649},
  year={1996},
  publisher={Scientific Publishers Gainesville, 650 pp},
  pages={650 pp},
}
 
  
